@book{hutahaean2015konsep,
  title={Konsep Sistem Informasi},
  author={Hutahaean, Jeperson},
  year={2015},
  publisher={Deepublish}
}

@article{sriwasito2010perkalian,
  title={Perkalian Biner Bilangan n Digit dengan 3, 4, 5 dan 6},
  author={Sriwasito, Putut},
  journal={MATEMATIKA},
  volume={11},
  number={1},
  year={2010}
}

@book{hutahaean2015konsep,
  title={Konsep Sistem Informasi},
  author={Hutahaean, Jeperson},
  year={2015},
  publisher={Deepublish}
}
@book{noersasongko1996mengrnal,
  title={Mengrnal Dunia Kumputer},
  author={Noersasongko,Edi and Andono,Pulung Nurtantio},
  year={1996},
  publisher={Elex Media Komputindo}
}

@article{gulo2016aplikasi,
  title={APLIKASI PEMBELAJARAN KONVERSI BILANGAN MENGGUNAKAN METODE COMPUTER ASSISTED INSTRUCTION (CAI)},
  author={Gulo, Famalua},
  journal={JURIKOM (Jurnal Riset Komputer)},
  volume={3},
  number={6},
  year={2016}
}
