@book{engler1995exokernel,
  title={Exokernel: An operating system architecture for application-level resource management},
  author={Engler, Dawson R and Kaashoek, M Frans and others},
  volume={29},
  number={5},
  year={1995},
  publisher={ACM}
}
@article{liedtke1996toward,
  title={Toward real microkernels},
  author={Liedtke, Jochen},
  journal={Communications of the ACM},
  volume={39},
  number={9},
  pages={70--77},
  year={1996},
  publisher={ACM}
}
@inproceedings{che2006hybrid,
  title={A hybrid convolution tree kernel for semantic role labeling},
  author={Che, Wanxiang and Zhang, Min and Liu, Ting and Li, Sheng},
  booktitle={Proceedings of the COLING/ACL on Main conference poster sessions},
  pages={73--80},
  year={2006},
  organization={Association for Computational Linguistics}
}
@inproceedings{kashiwagi1996design,
  title={Design and implementation of dynamically reconstructing system software},
  author={Kashiwagi, Kazuhiko and Saisho, Keizo and Fukuda, Akira},
  booktitle={Software Engineering Conference, 1996. Proceedings., 1996 Asia-Pacific},
  pages={278--287},
  year={1996},
  organization={IEEE}
}
@inproceedings{schmidt2010teaching,
  title={Teaching operating systems: windows kernel projects},
  author={Schmidt, Alexander and Polze, Andreas and Probert, Dave},
  booktitle={Proceedings of the 41st ACM technical symposium on Computer science education},
  pages={490--494},
  year={2010},
  organization={ACM}
}
@inproceedings{wang2009usage,
  title={Usage control based on windows kernel hook},
  author={Wang, Yulin and Shen, Yang and Pan, Jian},
  booktitle={Information and Multimedia Technology, 2009. ICIMT'09. International Conference on},
  pages={264--267},
  year={2009},
  organization={IEEE}
}
@article{lee2003firm,
  title={From a firm-based to a community-based model of knowledge creation: The case of the Linux kernel development},
  author={Lee, Gwendolyn K and Cole, Robert E},
  journal={Organization science},
  volume={14},
  number={6},
  pages={633--649},
  year={2003},
  publisher={INFORMS}
}
@article{nurhayati2010aritmatik,
  title={ARITMATIK KOMPUTER, ORGANISASI KOMPUTER (Pert 8)},
  author={Nurhayati, Oky Dwi},
  year={2010}
}

@inproceedings{caniggia2003common,
  title={Common-mode radiated emissions from UTP/STP cables with differential high-speed drivers/receivers},
  author={Caniggia, S and Santi, P},
  booktitle={Electromagnetic Compatibility, 2003 IEEE International Symposium on},
  volume={2},
  pages={564--569},
  year={2003},
  organization={IEEE}
}

@inproceedings{jakovljevic2008common,
  title={Common mode characterization and channel model verification for shielded twisted pair (STP) cable},
  author={Jakovljevic, Milos and Magesacher, Thomas and Ericson, Klas and Odling, Per and Borjesson, Per Ola and Zazo, Santiago},
  booktitle={Communications, 2008. ICC'08. IEEE International Conference on},
  pages={447--451},
  year={2008},
  organization={IEEE}
}

@misc{ueda2011transmission,
  title={Transmission cable},
  author={Ueda, Shou and Ogasawara, Takashi},
  year={2011},
  month=aug # "~1",
  publisher={Google Patents},
  note={US Patent App. 13/195,647}
}
@misc{blouin2002cross,
  title={Cross web for data grade cables},
  author={Blouin, Denis and Cornibert, Jacques and Walling, J{\"o}rg-Hein},
  year={2002},
  month=apr # "~2",
  publisher={Google Patents},
  note={US Patent 6,365,836}
}
@article{gomez2003receive,
  title={Receive-only UTP cables and Network Taps},
  author={G{\'o}mez, Diego Gonz{\'a}lez},
  year={2003}
}
@misc{ueda2011transmission,
  title={Transmission cable},
  author={Ueda, Shou and Ogasawara, Takashi},
  year={2011},
  month=aug # "~1",
  publisher={Google Patents},
  note={US Patent App. 13/195,647}
}
@misc{gagnon2002cable,
  title={Cable with dual layer jacket},
  author={Gagnon, Gilles},
  year={2002},
  month=aug # "~27",
  publisher={Google Patents},
  note={US Patent 6,441,308}
}
@article{sriwasito2010perkalian,
  title={Perkalian Biner Bilangan n Digit dengan 3, 4, 5 dan 6},
  author={Sriwasito, Putut},
  journal={MATEMATIKA},
  volume={11},
  number={1},
  year={2010}
}
@article{nurhayati2010aritmatik,
  title={ARITMATIK KOMPUTER, ORGANISASI KOMPUTER (Pert 8)},
  author={Nurhayati, Oky Dwi},
  year={2010}
}
@misc{schwarz1997implementation,
  title={Implementation of binary floating point using hexadecimal floating point unit},
  author={Schwarz, Eric Mark and Webb, Charles Franklin and Ho, Kai-Ann},
  year={1997},
  month=nov # "~11",
  publisher={Google Patents},
  note={US Patent 5,687,106}
}
@misc{smith1999mode,
  title={Mode independent support of format conversion instructions for hexadecimal and binary floating point processing},
  author={Smith Jr, Ronald Morton},
  year={1999},
  month=mar # "~30",
  publisher={Google Patents},
  note={US  Patent 5,889,980}
} 
`
@article{series1994atlas,
  titile={Atlas},
  author={Series, LED Strret Light},
  year={1994}
}
