@article{isaacson2012real,
  title={The real leadership lessons of Steve Jobs},
  author={Isaacson, Walter},
  journal={Harvard business review},
  volume={90},
  number={4},
  pages={92--102},
  year={2012}
}


@article{linuxwindows,
  title={Windows},
  author={Linux, VTeX},
  journal={OS2 www. micropress-inc. com}
}

@article{ohashi2000antihypertensive,
  title={Antihypertensive substance in the leaves of kumis kucing (Orthosiphon aristatus) in Java Island},
  author={Ohashi, Kazuyoshi and Bohgaki, Takako and Shibuya, Hirotaka},
  journal={Yakugaku zasshi: Journal of the Pharmaceutical Society of Japan},
  volume={120},
  number={5},
  pages={474--482},
  year={2000}
}

@misc{kan1995random,
  title={Random access memory},
  author={Kan, Yasuhiro},
  year={1995},
  month=feb # "~21",
  publisher={Google Patents},
  note={US Patent 5,392,249}
}

@misc{bruce1999unified,
  title={Unified re-map and cache-index table with dual write-counters for wear-leveling of non-volatile flash RAM mass storage},
  author={Bruce, Ricardo H and Bruce, Rolando H and Cohen, Earl T and Christie, Allan J},
  year={1999},
  month=dec # "~7",
  publisher={Google Patents},
  note={US Patent 6,000,006}
}

@article{dale2001spacer,
  title={Spacer oligonucleotide typing of bacteria of the Mycobacterium tuberculosis complex: recommendations for standardised nomenclature [The Language of Our Science]},
  author={Dale, JW and Brittain, D and Cataldi, Angel Adri{\'a}n and Cousins, D and Crawford, JT and Driscoll, J and Heersma, H and Lillebaek, T and Quitugua, T and Rastogi, N and others},
  journal={The International Journal of Tuberculosis and Lung Disease},
  volume={5},
  number={3},
  pages={216--219},
  year={2001},
  publisher={International Union Against Tuberculosis and Lung Disease}
}

@article{teikari2012inexpensive,
  title={An inexpensive Arduino-based LED stimulator system for vision research},
  author={Teikari, Petteri and Najjar, Raymond P and Malkki, Hemi and Knoblauch, Kenneth and Dumortier, Dominique and Gronfier, Claude and Cooper, Howard M},
  journal={Journal of neuroscience methods},
  volume={211},
  number={2},
  pages={227--236},
  year={2012},
  publisher={Elsevier}
}