@misc{brodsky1996just,
  title={Just-in-time debugging system and methods under the windows 3.0 and windows 3.1 operating systems},
  author={Brodsky, Mark A},
  year={1996},
  month=jun # "~11",
  publisher={Google Patents},
  note={US Patent 5,526,485}
}
 @inproceedings{hall1999bioedit,
  title={BioEdit: a user-friendly biological sequence alignment editor and analysis program for Windows 95/98/NT},
  author={Hall, Tom A},
  booktitle={Nucleic acids symposium series},
  volume={41},
  number={41},
  pages={95--98},
  year={1999},
  organization={[London]: Information Retrieval Ltd., c1979-c2000.}
}
@misc{pantenburg1995windows,
  title={Windows 95},
  author={Pantenburg, C and Peter, Gerhard},
  year={1995},
  publisher={Springer}
}
@book{petzold1996programming,
  title={Programming Windows 95},
  author={Petzold, Charles and Yao, Paul},
  year={1996},
  publisher={Microsoft Press}
}
@book{mcfedries1998windows,
  title={Windows{\textregistered} 98 unleashed},
  author={McFedries, Paul},
  year={1998},
  publisher={Sams}
}
@book{Davis:1998:W9B:551711,
 author = {Davis, Fred E. and Crosby, Kip},
 editor = {Collins, Corbin},
 title = {The  Windows 98 Bible},
 year = {1998},
 isbn = {0201696908},
 edition = {1st},
 publisher = {Peachpit Press},
 address = {Berkeley, CA, USA},
} 
@book{solomon2000inside,
  title={Inside Microsoft Windows 2000},
  author={Solomon, David A and Russinovich, Mark},
  year={2000},
  publisher={Microsoft Press}
}


@article{murphy2000windows,
  title={Windows 2000 dependability},
  author={Murphy, Brendan and Levidow, Bj{\"o}rn},
  year={2000}
}
@inproceedings{zhang2010exploratory,
  title={Exploratory study on memory analysis of windows 7 operating system},
  author={Zhang, Shuhui and Wang, Lianhai and Zhang, Ruichao and Guo, Qiuxiang},
  booktitle={Advanced Computer Theory and Engineering (ICACTE), 2010 3rd International Conference on},
  volume={6},
  pages={V6--373},
  year={2010},
  organization={IEEE}
}
@book{russinovich2009windows,
  title={Windows internals: including Windows server 2008 and Windows Vista},
  author={Russinovich, Mark and Solomon, David A},
  year={2009},
  publisher={Microsoft press}
}
@book{wahyono2009practice,
  title={Practice Guide PHP On Windows},
  author={Wahyono, Teguh},
  year={2009},
  publisher={Elex Media Komputindo}
}
@book{pogue2002windows,
  title={Windows XP home edition: the missing manual},
  author={Pogue, David},
  year={2002},
  publisher={" O'Reilly Media, Inc."}
}
@book{foster2001data,
  title={Data analysis using SPSS for Windows versions 8-10: A beginner's guide},
  author={Foster, Jeremy J},
  year={2001},
  publisher={Sage}
}
@article{sylve2017modern,
  title={Modern windows hibernation file analysis},
  author={Sylve, Joe T and Marziale, Vico and Richard, Golden G},
  journal={Digital Investigation},
  volume={20},
  pages={16--22},
  year={2017},
  publisher={Elsevier}
}
@article{wahyu8review,
  title={Review Windows 8},
  author={Wahyu Asri, Raharjo},
  journal={Review Windows 8}
}
@inproceedings{zhang2010exploratory,
  title={Exploratory study on memory analysis of windows 7 operating system},
  author={Zhang, Shuhui and Wang, Lianhai and Zhang, Ruichao and Guo, Qiuxiang},
  booktitle={Advanced Computer Theory and Engineering (ICACTE), 2010 3rd International Conference on},
  volume={6},
  pages={V6--373},
  year={2010},
  organization={IEEE}
}
@msic{litchfield2003defeating,
  title={Defeating the stack based buffer overflow prevention mechanism of microsoft windows 2003 server},
  author={litchfield, David},
  year={2003}
  }

@book{carvalho2012windows,
  title={Windows server 2012 Hyper-V cookbook},
  author={Carvalho, Leandro},
  year={2012},
  publisher={Packt Publishing Ltd}
}
@article{babmakalah,
  title={Makalah Sejarah Perkembangan Processor},
  author={BAB, I}
}
@book{irwansyah2014pengantar,
  title={Pengantar Teknologi Informasi},
  author={Irwansyah, Edy and Moniaga, Jurike V},
  year={2014},
  publisher={deePublish}
}
@article{hieronymus1993ascii,
  title={ASCII phonetic symbols for the worldâ€™s languages: Worldbet},
  author={Hieronymus, James L},
  journal={Journal of the International Phonetic Association},
  volume={23},
  pages={72},
  year={1993},
  publisher={Citeseer}
}
@article{hlavac2014stargazer,
  title={stargazer: LaTeX code and ASCII text for well-formatted regression and summary statistics tables},
  author={Hlavac, Marek},
  journal={Vienna, Austria: R Foundation for Statistical Computing},
  year={2014}
}
@techreport{cerf1969ascii,
  title={ASCII format for network interchange},
  author={Cerf, Vinton Gray},
  year={1969}
}
@techreport{yergeau1996utf,
  title={UTF-8, a transformation format of Unicode and ISO 10646},
  author={Yergeau, Francois},
  year={1996}
}
@article{wahl1997lightweight,
  title={Lightweight Directory Access Protocol (v3): UTF-8 String Representation of Distinguished Names},
  author={Wahl, Mark and Howes, Tim and Kille, Steve},
  year={1997}
}
@book{doukas2012building,
  title={Building Internet of Things with the ARDUINO},
  author={Doukas, Charalampos},
  year={2012},
  publisher={CreateSpace Independent Publishing Platform}
}

@article{jamieson2010arduino,
  title={Arduino for teaching embedded systems. are computer scientists and engineering educators missing the boat?},
  author={Jamieson, Peter},
  journal={Proc. FECS},
  volume={289294},
  year={2010}
}

@article{beug2012teaching,
  title={Teaching Introductory Programming Concepts: A Comparison of Scratch and Arduino},
  author={Beug, Anne},
  year={2012}
}
@article{fatoni2017perancangan,
  title={PERANCANGAN PROTOTYPE SISTEM KENDALI LAMPU MENGGUNAKAN HANDPHONE ANDROID BERBASIS ARDUINO},
  author={Fatoni, Ahmad and Rendra, Dwi Bayu},
  journal={PROSISKO: Jurnal Pengembangan Riset dan Observasi Sistem Komputer},
  volume={1},
  year={2017}
}
@book{doukas2012building,
  title={Building Internet of Things with the ARDUINO},
  author={Doukas, Charalampos},
  year={2012},
  publisher={CreateSpace Independent Publishing Platform}
}

@article{jamieson2010arduino,
  title={Arduino for teaching embedded systems. are computer scientists and engineering educators missing the boat?},
  author={Jamieson, Peter},
  journal={Proc. FECS},
  volume={289294},
  year={2010}
}

@article{beug2012teaching,
  title={Teaching Introductory Programming Concepts: A Comparison of Scratch and Arduino},
  author={Beug, Anne},
  year={2012}
}
@article{fatoni2017perancangan,
  title={PERANCANGAN PROTOTYPE SISTEM KENDALI LAMPU MENGGUNAKAN HANDPHONE ANDROID BERBASIS ARDUINO},
  author={Fatoni, Ahmad and Rendra, Dwi Bayu},
  journal={PROSISKO: Jurnal Pengembangan Riset dan Observasi Sistem Komputer},
  volume={1},
  year={2017}
}
