@article{santoso2013pembuatan,
  title={Pembuatan Otomasi Pengaturan Kereta Api, Pengereman, Dan Palang Pintu Pada Rel Kereta Api Mainan Berbasis Mikrokontroler},
  author={Santoso, Ari Beni and others},
  journal={Jurnal Ilmiah Teknik Mesin},
  volume={1},
  number={1},
  year={2013}
}
