@book{hutahaean2015konsep,
  title={Konsep Sistem Informasi},
  author={Hutahaean, Jeperson},
  year={2015},
  publisher={Deepublish}
}