@article{sriwasito2010perkalian,
  title={Perkalian Biner Bilangan n Digit dengan 3, 4, 5 dan 6},
  author={Sriwasito, Putut},
  journal={MATEMATIKA},
  volume={11},
  number={1},
  year={2010}
}