@phdthesis{yustiyan2006analisa,
 title={Analisa Pemanfaatan Teknologi Bluetooth dan WiFi sebagai media Internet},
 author={Yustiyan, Bertha Elsa Dwi},
 year={2016},
 school{Program Studi Diploma Teknik Informatika FTI UKSW}
}
@inproceedings{arief2007teknologi,
 title={Teknologi jaringan tanpa kabel (wireless)},
 author={Arief, M Rudyanto},
 booktitle={Seminar Nasional Teknologi},
 year={2007}
}
@article{darsono2012rancang,
 title={Rancangan Bangun Antena Mikrostrip Dua Elemen Patch Persegi Untuk Aplikasi Wireless Fidelity},
 author={Darsono, M},
 journal={Jurnal EECCIS},
 volume={6},
 nuber={2},
 page={171-176},
 year={2012},
}
@article{yudianto2007jaringan,
 title={Jaringan Komputer dan Pengertiannya},
 author={Yudanto, M Jafar Noor},
 journal={Jurnal Komunitas elearning IlmuKomputer. Com},
 year={2007}
}